@book{Deitel2010,
	title={Java: Como programar. 8{\textordfeminine} Edi{\c{c}}{\~a}o},
	author={Deitel, Harvey},
	year={2010},
	publisher={Prentice Hall},
	address={Porto Alegre}
}

@book{Caelum2017,
	author = {CAELUM},
	publisher = {Curso FJ-11},
	title = {Apostila Java e Orientação a Objetos},
	year = {2017}
}


@book{Larman2000,
	title={Utilizando UML e padr{\~o}es: uma introdu{\c{c}}{\~a}o {\`a} an{\'a}lise e ao projeto orientados a objetos},
	author={Larman, Craig},
	year={2000},
	publisher={Bookman}
}

@book{Anselmo2005,
	title={Aplicando l{\'o}gica orientada a objeto em Java},
	author={Anselmo, Fernando},
	publisher={Florian{\'o}polis: VisualBooks},
	year={2005}
}

@book{Santos2013,
	title={Introdu{\c{c}}{\~a}o {\`a} programa{\c{c}}{\~a}o orientada a objetos usando java 2a edi{\c{c}}{\~a}o},
	author={Santos, Rafael},
	year={2013},
	publisher={Elsevier Brasil}
}

@book{Schildt2014,
	title={Java: A Referência Completa},
	author={Schildt, Herbert},
	year={2013},
	publisher={Alta Books}
}